% Encoding: UTF-8
@entry{validacion-documental,
  name = {validación documental},
  description = {proceso en el que se verifica que la información documentada contemple los requerimientos actuales del SGC. De ser así, no se requerirá de una revisión}
}

@entry{cantidades-pequeñas,
  name = {cantidades pequeñas},
  description = {en el proceso de entrega, se refiere a una cantidad de \glsname{producto} total que no alcance a llenarse una tarima completa de \glsname{producto} pre-empacado.}
}

@entry{cadena-alimentaria,
  name = {cadena alimentaria},
  description = {secuencia de etapas en la producción, procesamiento, distribución, almacenamiento, y manipulación de un \glsname{alimento} y sus ingredientes, desde la producción primaria hasta el consumo.\footnote{La cadena alimentaria incluye la producción de materiales destinados a entrar en contacto con alimentos o materias primas.}\footnote{La cadena alimentaria también incluye proveedores de servicio.}}
}

@entry{revision-documental,
  plural = {revisiónes documentales},
  name = {revisión documental},
  description = {proceso de actualización de la información documentada contenida en algun programa al determinarse que se necesita algún requerimiento adicional o hubo algún cambio significativo.}
}

@entry{personal-interno,
  name = {personal interno},
  description = {persona contratada por RDF}
}

@entry{visitante,
  plural = {visitantes},
  name = {visitante},
  description = {persona que accederá a las instalaciones para brindar un servicio, o bien, personal contratado por un \emph{cliente} que laborará constantemente dentro de las instalaciones de RDF y tiene que someterse al reglamento interno}
}

@entry{uniforme-completo,
  name = {uniforme completo},
  description = {se considera como \textit{uniforme completo} al uso de zapatos cerrados, cubrebocas, cofia y a un conjunto de chamarra y pantalones para protección contra el freio o en su defecto un overlo. Los guantes son opcionales pero recomendados}
}

@entry{area-operativa,
  name = {área operativa},
  description = {zona destinada a que ocurran las actividades operativas; en nuestro caso, el almacenamiento de producto y maniobras asociadas.}
}

@entry{aduana,
  name = {aduana sanitaria},
  description = {zona destinada a que las personas que entrarán a áreas operativas puedan lavarse y desinfectarse las manos, así como ponerse cubrebocas y cofia con el proposito de evitar riesgos de inocuidad al entrar a dicha área.}
}

@entry{cliente,
  plural = {clientes},
  name = {cliente},
  description = {persona ajena a la operación cotidiana en RDF, que tiene un acuerdo con RDF para almacenar productos en sus instalaciones.}
}

@entry{alimento,
  plural = {alimentos},
  name = {alimento},
  description = {sustancia (ingrediente), ya sea procesada, semi-procesada o cruda, que se destina para consumo, e incluye bebidas, goma de mascar y cualquier sustancia que se haya utilizado en la fabricación, preparación o tratamiento de “alimentos”, pero no incluye cosméticos ni tabaco o sustancias (ingredientes) usados solamente como fármacos}
}

@entry{organizacion,
  name = {organización},
  description = {persona o grupo de personas que tienen sus propias funciones con responsabilidades, autoridades y relaciones para lograr sus objetivos.\footnote{El concepto de organización incluye, pero no se limita a, un operador individual, compañía, corporación, firma, empresa, autoridad, sociedad, institución benéfica o con otros fines, o parte o combinación de los mismos, ya sea incorporada o no, pública o privada.}}
}

@entry{producto,
  name = {producto},
  description = {salida que es el resultado de un \glsname{proceso}\footnote{Un producto puede ser un servicio.}}
}

@entry{proceso,
  name = {proceso},
  description = {conjunto de actividades interrelacionadas o que interactúan que transforman las entradas en salidas}
}

@entry{producto-terminado,
  name = {producto terminado},
  description = {\glsname{producto} que no se someterá a procesamiento o transformación posterior por parte de la organización\footnote{Un producto que es sometido a un procesamiento o transformación posterior por otra organización, es un producto terminado, en el contexto de la primera organización, y una materia prima o un ingrediente, en el contexto de la segunda organización}}
}

@entry{peligro-relacionado-con-la-inocuidad-de-los-alimentos,
  name = {peligro relacionado con la inocuidad de los alimentos},
  description = {agente biológico, químico o físico en el \glsname{alimento} con potencial de causar un efecto adverso en la salud\footnote{El término “peligro” no se debe confundir con el término “riesgo” el cual, en el contexto de la inocuidad de los alimentos, significa una función de la probabilidad de un efecto adverso en la salud (por ejemplo, enfermar) y la gravedad de ese efecto (por ejemplo, muerte, hospitalización) cuando se expone a un peligro especificado.}\footnote{Peligros para la inocuidad de los alimentos incluye alérgenos y sustancias radiológicas.}}
}

@entry{nivel-aceptable,
  name = {nivel aceptable},
  description = {nivel de un peligro relacionado con la \glsname{inocuidad-de-los-alimentos} que no se debe exceder en el \glsname{producto-terminado} proporcionado por la \glsname{organizacion}}
}

@entry{medida-de-control,
  name = {medida de control},
  description = {acción o actividad que es esencial para prevenir un peligro relacionado con la inocuidad de los \glsname{alimento} significativo o reducirlo a un \glsname{nivel-aceptable}}
}

@entry{seguimiento,
  name = {seguimiento},
  description = {determinación del estado de un sistema, un \glsname{proceso} o una actividad\footnote{Para determinar el estado, puede ser necesario verificar, supervisar u observar críticamente.}\footnote{En el contexto de la inocuidad de los alimentos, el seguimiento se lleva a cabo con una secuencia planificada de observaciones o mediciones para evaluar si un proceso está funcionando según lo previsto.}}
}

@entry{criterio-de-acción,
  plural = {criterios de acción},
  name = {criterio de acción},
  description = {especificación medible u observable para el seguimiento de un \glsname{PPRO}\footnote{Un criterio de acción se establece para determinar si un PPRO permanece bajo control, y distingue entre lo que es aceptable (que el criterio cumpla o logre significa que el PPRO está operando como está previsto) e inaceptable (que el criterio no se cumple ni se logre significa que el PPRO no está operando como está previsto).}}
}

@entry{BPH,
  name = {BPH},
  description = {},
  first = {Buenas Prácticas de Higiene (BPH)}
}

@entry{RDF,
  name = {RDF},
  description = {},
  first = {Red de Fríos S.A. de C.V. (RDF)}
}

@entry{BPD,
  name = {BPD},
  description = {},
  first = {Buenas Prácticas de Distribución (BPD)}
}

@entry{PPRO,
  name = {PPRO},
  description = {\glsname{medida-de-control} o combinación de medidas de control aplicadas para prevenir o reducir un peligro significativo relacionado con la inocuidad de los \glsname{alimento} a un \glsname{nivel-aceptable}, y donde el \glsname{criterio-de-acción} y medición u observación permite el control efectivo del \glsname{proceso} y/o \glsname{producto}.},
  first = {programa de prerrequisito operativo (PPRO)}
}

@entry{PPR,
  name = {programa de prerrequisito},
  description = {condiciones y actividades básicas que son necesarias dentro de la \glsname{organizacion} y a lo largo de la cadena alimentaria para mantener la inocuidad de los alimentos\footnote{Los PPR necesarios dependen del segmento de la cadena alimentaria en el que opera la organización y del tipo de organización . Son ejemplos de términos equivalentes: Buenas Prácticas Agrícolas (BPA), Buenas Prácticas Veterinarias (BPV), Buenas Prácticas de Fabricación/Manufactura (BPF, BPM), Buenas Prácticas de Higiene (BPH), Buenas Prácticas de Producción (BPP), Buenas Prácticas de Distribución (BPD), y Buenas Prácticas de Comercialización (BPC).}},
  first = {programa de prerrequisito (PPR)}
}

@entry{HACCP,
  name = {HACCP},
  description = {},
  first = {Analisis de Peligros y Puntos Criticos de Control (APPC), del inglés \textit{Hazard Analysis and Critical Control Points (HACCP).}}
}

@entry{informacion-documentada,
  name = {información documentada},
  description = {\glsname{informacion} que una \glsname{organizacion} tiene que controlar y mantener, y el medio que la contiene\footnote{La información documentada puede estar en cualquier formato y medio, y puede provenir de cualquier fuente.}\footnote{La información documentada puede hacer referencia a: — el sistema de gestión, incluidos los procesos relacionados; — la información generada para que la organización opere (documentación); — la evidencia de los resultados alcanzados (registros).}}
}

@entry{registro,
  name = {registro},
  description = {\glsname{documento} que presenta resultados obtenidos o proporciona evidencia de actividades realizadas\footnote{Los registros pueden utilizarse, por ejemplo, para formalizar la trazabilidad y para proporcionar evidencia de verificaciones, acciones preventivas y acciones correctivas.}\footnote{En general los registros no necesitan estar sujetos al control del estado de revisión.}}
}

@entry{documento,
  name = {documento},
  description = {\glsname{informacion} y el medio en el que está contenida\footnote{El medio de soporte puede ser papel, disco magnético, electrónico u óptico, fotografía o muestra patrón o una combinación de éstos.}\footnote{Con frecuencia, un conjunto de documentos, por ejemplo especificaciones y registros , se denominan “documentación”.}\footnote{Algunos requisitos (por ejemplo, el requisito de ser legible) se refieren a todo tipo de documento. Sin embargo puede requisitos diferentes para las especificaciones (por ejemplo, el requisito de estar controlado por revisiones) y los registros (por ejemplo, el requisito de ser recuperable).}}
}

@entry{requisito,
  name = {requisito},
  description = {necesidad o expectativa establecida, generalmente implícita u obligatoria\footnote{“Generalmente implícita” significa que es habitual o práctica común para la \glsname{organizacion} y las partes interesadas el que la necesidad o expectativa bajo consideración está implícita.}\footnote{Un requisito especificado es aquel que está establecido, por ejemplo, en \glsname{informacion-documentada}}\footnote{Pueden utilizarse calificativos para identificar un tipo específico de requisito, (por ejemplo, \textit{requisito}) de un \glsname{producto}, requisito de la gestión de la calidad, requisito del cliente, requisito de la calidad.}}
}

@entry{informacion,
  name = {información},
  description = {datos que poseen significado}
}

